<?xml version="1.0" encoding="UTF-8"?><collection xmlns="http://www.loc.gov/MARC21/slim"><record><leader>00376nam--2200109-i-4500</leader><controlfield tag="001">000018397</controlfield><controlfield tag="002">20161230</controlfield><controlfield tag="005">20161230201032</controlfield><controlfield tag="008">060222s1000------------r-----000-0-eng-d</controlfield><datafield ind1=" " ind2=" " tag="245"><subfield code="a">Conference on hyperconjugation.indiana university, bloomington, 2-4 june 1958. conference co-chairmen v.j.shiner and e. campaigne</subfield></datafield><datafield ind1=" " ind2=" " tag="260"><subfield code="a">London, Pergamon Press, 1959. Viii + 168 P</subfield></datafield><datafield ind1=" " ind2=" " tag="852"><subfield code="a">14292</subfield></datafield></record></collection>